<collection xmlns="http://www.loc.gov/MARC21/slim">
<record>
  <leader>01064nam0a2200241 i 450 </leader>
  <controlfield tag="001">IT\ICCU\CNCE\062964</controlfield>
  <controlfield tag="005">20171010000000.0</controlfield>
  <datafield tag="012" ind1=" " ind2=" ">
    <subfield code="a">toto tero tero tero (C) 1506 (Q)</subfield>
    <subfield code="2">fei</subfield>
  </datafield>
  <datafield tag="100" ind1=" " ind2=" ">
    <subfield code="a">20051214f15061507    0itac0103    ba</subfield>
  </datafield>
  <datafield tag="101" ind1=" " ind2=" ">
    <subfield code="a">ITA</subfield>
  </datafield>
  <datafield tag="102" ind1=" " ind2=" ">
    <subfield code="a">IT</subfield>
  </datafield>
  <datafield tag="200" ind1="1" ind2=" ">
    <subfield code="a">Historia del duca Valentino. Historia come el duca Valentino fugi tre uolte di pregione composta per messer Francesco Sacchino da Mudiana</subfield>
  </datafield>
  <datafield tag="210" ind1=" " ind2=" ">
    <subfield code="d">\tra il 1506 e il 1507!</subfield>
    <subfield code="e">In Bologna</subfield>
    <subfield code="g">per Alexandro Lippo</subfield>
  </datafield>
  <datafield tag="215" ind1=" " ind2=" ">
    <subfield code="a">\4! c.</subfield>
    <subfield code="d">4ʻ</subfield>
  </datafield>
  <datafield tag="300" ind1=" " ind2=" ">
    <subfield code="a">Per la data cfr.: Guerre in ottava rima, v. 1, n. 39</subfield>
  </datafield>
  <datafield tag="620" ind1=" " ind2=" ">
    <subfield code="a">IT</subfield>
    <subfield code="d">Bologna</subfield>
  </datafield>
  <datafield tag="700" ind1=" " ind2="1">
    <subfield code="a">Sacchino,</subfield>
    <subfield code="b">Francesco Maria</subfield>
    <subfield code="3">IT\ICCU\CNCA\017977</subfield>
  </datafield>
  <datafield tag="712" ind1="0" ind2="0">
    <subfield code="a">Lippo, Alessandro</subfield>
    <subfield code="3">IT\ICCU\CNCT\003856</subfield>
    <subfield code="4">650</subfield>
  </datafield>
  <datafield tag="790" ind1=" " ind2="1">
    <subfield code="a">Sachini,</subfield>
    <subfield code="b">Francesco</subfield>
    <subfield code="3">IT\ICCU\CNCA\023882</subfield>
    <subfield code="z">Sacchino, Francesco Maria</subfield>
  </datafield>
  <datafield tag="791" ind1="0" ind2="0">
    <subfield code="a">Lippi, Alessandro</subfield>
    <subfield code="3">IT\ICCU\CNCT\004966</subfield>
    <subfield code="z">Lippo, Alessandro</subfield>
  </datafield>
  <datafield tag="791" ind1="0" ind2="0">
    <subfield code="a">Lippus, Alexander</subfield>
    <subfield code="3">IT\ICCU\CNCT\004967</subfield>
    <subfield code="z">Lippo, Alessandro</subfield>
  </datafield>
  <datafield tag="801" ind1=" " ind2="3">
    <subfield code="a">IT</subfield>
    <subfield code="b">ICCU</subfield>
    <subfield code="c">20201115</subfield>
  </datafield>
  <datafield tag="899" ind1=" " ind2=" ">
    <subfield code="a">Archivio storico civico e Biblioteca Trivulziana. Milano</subfield>
    <subfield code="1">MI0327</subfield>
    <subfield code="2">LO1 13</subfield>
  </datafield>
</record>
</collection>
